@article{grimbergen2007using,
  title={Using bitboards for move generation in Shogi},
  author={Grimbergen, R.},
  journal={ICGA Journal},
  volume={30},
  number={1},
  pages={25--34},
  year={2007}
}

@article{allis1994proof,
  title={Proof-number search},
  author={Allis, L.V. and van der Meulen, M. and van den Herik, H.J.},
  journal={Artificial Intelligence},
  volume={66},
  number={1},
  pages={91--124},
  year={1994},
  publisher={Elsevier}
}

@article{sakuta2001performance,
  title={The performance of PN*, PDS and PN search on 6$\times$ 6 Othello and Tsume-Shogi},
  author={Sakuta, M. and Iida, H.},
  journal={Advances in Computer Games},
  volume={9},
  pages={203--222},
  year={2001}
}

@article{seo2001pn,
  title={The PNâˆ—-search algorithm: Application to tsume-shogi},
  author={Seo, M. and Iida, H. and Uiterwijk, J.W.H.M.},
  journal={Artificial Intelligence},
  volume={129},
  number={1},
  pages={253--277},
  year={2001},
  publisher={Elsevier}
}

@article{iida2002computer,
  title={Computer shogi},
  author={Iida, H. and Sakuta, M. and Rollason, J.},
  journal={Artificial Intelligence},
  volume={134},
  number={1},
  pages={121--144},
  year={2002},
  publisher={Elsevier}
}

@article{van2008proof,
  title={Proof-number search and its variants},
  author={van den Herik, H. and Winands, M.},
  journal={Oppositional Concepts in Computational Intelligence},
  pages={91--118},
  year={2008},
  publisher={Springer}
}

@article{ueda2008weak,
  title={Weak proof-number search},
  author={Ueda, T. and Hashimoto, T. and Hashimoto, J. and Iida, H.},
  journal={Proceedings of the 6th International Conference on Computers and Games},
  pages={157--168},
  year={2008},
  note={Springer}
}

@article{grimbergen1999survey,
  title={A survey of Tsume-Shogi programs using variable-depth search},
  author={Grimbergen, R.},
  journal={Proceedings of the 6th International Conference on Computers and Games},
  pages={300--317},
  year={1999},
  note={Springer}
}

@book{shogibook,
  author={Trevor Leggett and Alan Baker},
  title={Japanese Chess: The Game of Shogi},
  publisher={Tuttle Publishing},
  year={2009}
}

@MastersThesis{Schijf93,
    author = {Martin Schijf},
    title = {Proof-Number Search and Transpositions},
    year = {1993},
    school = {University of Leiden},
    address = {the Netherlands}
}

@article{tetsuroanimal,
    author = {Tetsuro Tanaka},
    title = {A Full Analysis of Animal Shogi},
    journal = {Proceedings of the 22nd Game and Information Sciences conference},
    year = {2009},
    note = {(in Japanese)}
}